@Booklet{Gil02,
  author       = {Joseph (Yossi) Gil},
  TITLE        = {{\LaTeXe} for Graduate Students},
  year         = {2002},
  howpublished = {manuscript},
  address      = {Haifa, Israel},
}

@Book{randomwalk,
  title={Handbook of Mobile Ad Hoc Networks for Mobility Models},
  author={Roy, R.R.},
  year={2010},
  publisher={Springer}
}

@misc{ Nobody06,
       author = "Nobody Jr",
       title = "My Article",
       year = "2006" }
